@inproceedings{glove:2014,
  author    = {Jeffrey Pennington and
               Richard Socher and
               Christopher D. Manning},
  title     = {Glove: Global Vectors for Word Representation},
  booktitle = {{EMNLP}},
  year      = {2014}
}
@misc{rfc9293,
    series =    {Request for Comments},
    number =    9293,
    howpublished =  {RFC 9293},
    publisher = {RFC Editor},
    doi =       {10.17487/RFC9293},
    url =       {https://www.rfc-editor.org/info/rfc9293},
    author =    {Wesley Eddy},
    title =     {{Transmission Control Protocol (TCP)}},
    pagetotal = 98,
    year =      2022,
    month =     aug,
}
@misc{rfc5681,
    series =    {Request for Comments},
    number =    5681,
    howpublished =  {RFC 5681},
    publisher = {RFC Editor},
    doi =       {10.17487/RFC5681},
    url =       {https://www.rfc-editor.org/info/rfc5681},
    author =    {Ethan Blanton and Dr. Vern Paxson and Mark Allman},
    title =     {{TCP Congestion Control}},
    pagetotal = 18,
    year =      2009,
    month =     sep,
}
@misc{rfc6582,
    series =    {Request for Comments},
    number =    6582,
    howpublished =  {RFC 6582},
    publisher = {RFC Editor},
    doi =       {10.17487/RFC6582},
    url =       {https://www.rfc-editor.org/info/rfc6582},
    author =    {Andrei Gurtov and Tom Henderson and Sally Floyd and Yoshifumi Nishida},
    title =     {{The NewReno Modification to TCP's Fast Recovery Algorithm}},
    pagetotal = 16,
    year =      2012,
    month =     apr,
}
@misc{rfc9438,
    series =    {Request for Comments},
    number =    9438,
    howpublished =  {RFC 9438},
    publisher = {RFC Editor},
    doi =       {10.17487/RFC9438},
    url =       {https://www.rfc-editor.org/info/rfc9438},
    author =    {Lisong Xu and Sangtae Ha and Injong Rhee and Vidhi Goel and Lars Eggert},
    title =     {{CUBIC for Fast and Long-Distance Networks}},
    pagetotal = 28,
    year =      2023,
    month =     aug,
}
@misc{bachl22,
author = {Bachl, Maximilian},
year = {2022},
month = {06},
pages = {},
title = {Fair Queuing Aware Congestion Control},
doi = {10.48550/arXiv.2206.10561}
}
@ARTICLE{floyd93,
  author={Floyd, S. and Jacobson, V.},
  journal={IEEE/ACM Transactions on Networking}, 
  title={Random early detection gateways for congestion avoidance}, 
  year={1993},
  volume={1},
  number={4},
  pages={397-413},
  keywords={Transport protocols;Delay effects;Throughput;Propagation delay;Bandwidth;TCPIP;Traffic control;High-speed networks;Feedback;Delay estimation},
  doi={10.1109/90.251892}}
@ARTICLE{shao05,
  author={Shao Liu and Basar, T. and Srikant, R.},
  journal={IEEE/ACM Transactions on Networking}, 
  title={Exponential-RED: a stabilizing AQM scheme for low- and high-speed TCP protocols}, 
  year={2005},
  volume={13},
  number={5},
  pages={1068-1081},
  keywords={Protocols;Feedback;Heuristic algorithms;Algorithm design and analysis;Network topology;Aggregates;Sufficient conditions;Stability;IP networks;High-speed networks;Congestion control;dual algorithm;primal algorithm;primal-dual algorithm;RED;TCP},
  doi={10.1109/TNET.2005.857110}}
@INPROCEEDINGS{pan13,
  author={Pan, Rong and Natarajan, Preethi and Piglione, Chiara and Prabhu, Mythili Suryanarayana and Subramanian, Vijay and Baker, Fred and VerSteeg, Bill},
  booktitle={2013 IEEE 14th International Conference on High Performance Switching and Routing (HPSR)}, 
  title={PIE: A lightweight control scheme to address the bufferbloat problem}, 
  year={2013},
  volume={},
  number={},
  pages={148-155},
  keywords={Delays;Probability;Estimation;Internet;Throughput;Jitter;Linux;bufferbloat;Active Queue Management (AQM);Quality of Service (QoS);Explicit Congestion Notification (ECN)},
  doi={10.1109/HPSR.2013.6602305}}

@INPROCEEDINGS{hass08,
  author={Hassayoun, Sofiane and Ros, David},
  booktitle={IEEE INFOCOM Workshops 2008}, 
  title={Loss synchronization and router buffer sizing with high-speed versions of TCP}, 
  year={2008},
  volume={},
  number={},
  pages={1-6},
  keywords={Telecommunication buffers;Telecommunication traffic;Traffic control;Proposals;Protocols;Bandwidth;Jacobian matrices},
  doi={10.1109/INFOCOM.2008.4544632}}
